@manual{pantieri:latex,
  author =	 {Pantieri, Lorenzo and Gordini, Tommaso},
  title =	 {L'arte di scrivere con {\LaTeX}},
  year =	 2012,
  month =	 2,
  url =		 {http://www.lorenzopantieri.net/LaTeX_files/ArteLaTeX.pdf}
}

@manual{gnu:make,
  author =	 {Stallman, Richard M. and McGrath, Roland and Smith, Paul D.},
  title =	 {GNU Make},
  year =	 2010,
  month =	 7,
  url =		 {http://www.gnu.org/software/make/manual/make.pdf}
}

@manual{caucci:tabelle,
  author =	 {Caucci, Luca and Spadaccini, Mariano},
  title =	 {Gestione di Figure e Tabelle con {\LaTeX}},
  year =	 2005,
  url =		 {http://www.guit.sssup.it/downloads/fig_tut.pdf}
}
